<?xml version="1.0" encoding="UTF-8"?><collection xmlns="http://www.loc.gov/MARC21/slim"><record><leader>00378nam--2200133-i-4500</leader><controlfield tag="001">000017312</controlfield><controlfield tag="002">20161230</controlfield><controlfield tag="005">20161230201032</controlfield><controlfield tag="008">060222s1000------------r-----000-0-eng-d</controlfield><datafield ind1=" " ind2=" " tag="080"><subfield code="a">061.62(44):001.891:539</subfield></datafield><datafield ind1=" " ind2=" " tag="245"><subfield code="a">Institut des sciences nucleaires de grenoble. rapport d  activite 1996-1997</subfield></datafield><datafield ind1=" " ind2=" " tag="260"><subfield code="a">Grenoble, Cnrs, 1997. 136 P</subfield></datafield><datafield ind1=" " ind2=" " tag="653"><subfield code="a">Nuclear Physycs</subfield></datafield><datafield ind1=" " ind2=" " tag="852"><subfield code="a">80143</subfield></datafield></record></collection>